<record><leader>00000cas a22000007a 4500</leader><controlfield tag="001">52201668</controlfield><controlfield tag="008">030507d193u1949oruwn ne      0    0eng d</controlfield><datafield ind1=" " ind2=" " tag="010"><subfield code="a">  2004260233</subfield></datafield><datafield ind1=" " ind2=" " tag="040"><subfield code="a">ORU</subfield><subfield code="b">eng</subfield><subfield code="c">ORU</subfield><subfield code="d">OCLCQ</subfield><subfield code="d">OCLCF</subfield><subfield code="d">OCLCO</subfield></datafield><datafield ind1="1" ind2=" " tag="029"><subfield code="a">AU@</subfield><subfield code="b">000025543087</subfield></datafield><datafield ind1=" " ind2=" " tag="042"><subfield code="a">msc</subfield></datafield><datafield ind1=" " ind2=" " tag="043"><subfield code="a">n-us-or</subfield></datafield><datafield ind1="0" ind2=" " tag="130"><subfield code="a">Summer sun (Eugene, Or. : 1936)</subfield></datafield><datafield ind1="1" ind2="4" tag="245"><subfield code="a">The summer sun.</subfield></datafield><datafield ind1=" " ind2=" " tag="260"><subfield code="a">Eugene [Or.] :</subfield><subfield code="b">University of Oregon,</subfield><subfield code="c">-1949.</subfield></datafield><datafield ind1=" " ind2=" " tag="300"><subfield code="a">v. :</subfield><subfield code="b">ill. ;</subfield><subfield code="c">31-44 cm.</subfield></datafield><datafield ind1=" " ind2=" " tag="310"><subfield code="a">Weekly (during summer session)</subfield></datafield><datafield ind1="0" ind2=" " tag="362"><subfield code="a">-v. 30, no. 6 (Aug. 4, 1949).</subfield></datafield><datafield ind1=" " ind2=" " tag="530"><subfield code="a">Also issued on microfilm from University of Oregon.</subfield></datafield><datafield ind1=" " ind2=" " tag="550"><subfield code="a">Issued by: School of Journalism, University of Oregon.</subfield></datafield><datafield ind1=" " ind2=" " tag="550"><subfield code="a">Issued jointly with: Oregon State System of Higher Education at Portland, June 30, 1938-June 3, 1942 and June 7, 1943-July 18, 1944.</subfield></datafield><datafield ind1=" " ind2=" " tag="580"><subfield code="a">Summer ed. of: Oregon daily emerald.</subfield></datafield><datafield ind1=" " ind2=" " tag="580"><subfield code="a">Coverage of Portland's summer session continued by: Summer signal; coverage of Eugene's summer session continued by: Summer emerald.</subfield></datafield><datafield ind1=" " ind2=" " tag="588"><subfield code="a">Description based on: Vol. 17, no. 1 (June 15, 1936).</subfield></datafield><datafield ind1="2" ind2="0" tag="610"><subfield code="a">University of Oregon</subfield><subfield code="v">Newspapers.</subfield></datafield><datafield ind1=" " ind2="0" tag="651"><subfield code="a">Eugene (Or.)</subfield><subfield code="v">Newspapers.</subfield></datafield><datafield ind1=" " ind2="0" tag="651"><subfield code="a">Portland (Or.)</subfield><subfield code="v">Newspapers.</subfield></datafield><datafield ind1=" " ind2="7" tag="655"><subfield code="a">Newspapers.</subfield><subfield code="2">fast</subfield><subfield code="0">(OCoLC)fst01423814</subfield></datafield><datafield ind1="2" ind2="7" tag="610"><subfield code="a">University of Oregon.</subfield><subfield code="2">fast</subfield><subfield code="0">(OCoLC)fst00549753</subfield></datafield><datafield ind1=" " ind2="7" tag="651"><subfield code="a">Oregon</subfield><subfield code="z">Eugene.</subfield><subfield code="2">fast</subfield><subfield code="0">(OCoLC)fst01205922</subfield></datafield><datafield ind1=" " ind2="7" tag="651"><subfield code="a">Oregon</subfield><subfield code="z">Portland.</subfield><subfield code="2">fast</subfield><subfield code="0">(OCoLC)fst01204325</subfield></datafield><datafield ind1="2" ind2=" " tag="710"><subfield code="a">University of Oregon.</subfield><subfield code="b">School of Journalism.</subfield></datafield><datafield ind1="2" ind2=" " tag="710"><subfield code="a">Oregon State System of Higher Education.</subfield><subfield code="b">Portland Extension Center.</subfield></datafield><datafield ind1=" " ind2=" " tag="752"><subfield code="a">United States</subfield><subfield code="b">Oregon</subfield><subfield code="c">Lane</subfield><subfield code="d">Eugene.</subfield></datafield><datafield ind1="1" ind2=" " tag="775"><subfield code="t">Oregon daily emerald</subfield><subfield code="w">(DLC)  2004260239</subfield><subfield code="w">(OCoLC)55134738</subfield></datafield><datafield ind1="0" ind2="0" tag="780"><subfield code="t">Summer session sun</subfield><subfield code="w">(DLC)  2004260232</subfield><subfield code="w">(OCoLC)52201656</subfield></datafield><datafield ind1="1" ind2="1" tag="785"><subfield code="t">Summer signal</subfield></datafield><datafield ind1="1" ind2="1" tag="785"><subfield code="t">Summer emerald (Eugene, Or. : 1950)</subfield><subfield code="w">(DLC)  2004260234</subfield><subfield code="w">(OCoLC)55135776</subfield></datafield></record>